<?xml version="1.0" encoding="UTF-8"?><collection xmlns="http://www.loc.gov/MARC21/slim"><record><leader>00451nam--2200145-i-4500</leader><controlfield tag="001">000012371</controlfield><controlfield tag="002">20161230</controlfield><controlfield tag="005">20161230201029</controlfield><controlfield tag="008">060222s1000------------r-----000-0-eng-d</controlfield><datafield ind1=" " ind2=" " tag="100"><subfield code="a">Lefschetz, S</subfield></datafield><datafield ind1=" " ind2=" " tag="245"><subfield code="a">Applications of algebraic topology. graphs and networks. the picard-lefscheetz theory and feynman integrals</subfield></datafield><datafield ind1=" " ind2=" " tag="260"><subfield code="a">New York, Springer-verlag, 1975</subfield></datafield><datafield ind1=" " ind2=" " tag="490"><subfield code="a">Applied Mathematical Science</subfield></datafield><datafield ind1=" " ind2=" " tag="700"><subfield code="a">Fritz, John /S.A.</subfield></datafield><datafield ind1=" " ind2=" " tag="852"><subfield code="a">45409</subfield></datafield></record></collection>